% Encoding: UTF-8

@Article{Alajlan20117,
  author  = {Alajlan, Naif},
  title   = {HopDSW: An approximate dynamic space warping algorithm for fast shape matching and retrieval},
  journal = {Journal of King Saud University - Computer and Information Sciences},
  year    = {2011},
  volume  = {23},
  number  = {1},
  pages   = {7-14},
  month   = {jan.},
  note    = {Elsevier BV. http://dx.doi.org/10.1016/j.jksuci.2010.01.001.},
  address = {s.l.},
  doi     = {http://dx.doi.org/10.1016/j.jksuci.2010.01.001},
}

@Article{MohdAnuar2013105,
  author  = {Fatahiyah Mohd Anuar and Rossitza Setchi and {Yu-kun} Lai},
  title   = {Trademark image retrieval using an integrated shape descriptor},
  journal = {Expert Systems with Applications},
  year    = {2013},
  volume  = {40},
  number  = {1},
  pages   = {105-121},
  month   = {jan.},
  note    = {Elsevier BV. http://dx.doi.org/10.1016/j.eswa.2012.07.031.},
  address = {[s.l.]},
  doi     = {http://dx.doi.org/10.1016/j.eswa.2012.07.031},
}

@Article{4815272,
  author  = {Xiang Bai and Yang, Xingwei and Latecki, L. J. and Wenyu Liu and Zhuowen Tu},
  title   = {Learning Context-Sensitive Shape Similarity by Graph Transduction},
  journal = {IEEE Transactions on Pattern Analysis and Machine Intelligence},
  year    = {2010},
  volume  = {32},
  number  = {5},
  pages   = {861-874},
  month   = {maio},
  note    = {Institute of Electrical and Electronics Engineers (IEEE). http://dx.doi.org/10.1109/tpami.2009.85.},
  address = {[s.l.]},
  doi     = {http://dx.doi.org/10.1109/tpami.2009.85},
}

@Article{Belongie:2002,
  author  = {Belongie, S. and Malik, J. and Puzicha, J.},
  title   = {Shape matching and object recognition using shape contexts},
  journal = {IEEE Transactions on Pattern Analysis and Machine Intelligence},
  year    = {2002},
  volume  = {24},
  number  = {4},
  pages   = {509-522},
  month   = {abr.},
  note    = {Institute of Electrical and Electronics Engineers (IEEE). http://dx.doi.org/10.1109/34.993558.},
  address = {[s.l.]},
  doi     = {http://dx.doi.org/10.1109/34.993558},
}

@Article{Bernier:2003,
  author  = {Thomas Bernier and {Jacques-André} Landry},
  title   = {A new method for representing and matching shapes of natural objects},
  journal = {Pattern Recognition},
  year    = {2003},
  volume  = {36},
  number  = {8},
  pages   = {1711-1723},
  month   = {ago.},
  note    = {Elsevier BV. http://dx.doi.org/10.1016/s0031-3203(02)00352-7.},
  address = {[s.l.]},
  doi     = {http://dx.doi.org/10.1016/s0031-3203(02)00352-7},
}

@Article{Berretti:2000,
  author  = {Pietro Pala and Alberto Del Bimbo and Stefano Berretti},
  title   = {Retrieval by Shape Similarity with Perceptual Distance and Effective Indexing},
  journal = {IEEE Transactions on Multimedia},
  year    = {2000},
  volume  = {2},
  number  = {4},
  pages   = {225-239},
  note    = {Institute of Electrical and Electronics Engineers (IEEE). http://dx.doi.org/10.1109/6046.890058.},
  address = {[s.l.]},
  doi     = {http://dx.doi.org/10.1109/6046.890058},
}

@Article{LynnBeus1987291,
  author  = {H. Lynn Beus and Steven S.H. Tiu},
  title   = {An improved corner detection algorithm based on chain-coded plane curves},
  journal = {Pattern Recognition},
  year    = {1987},
  volume  = {20},
  number  = {3},
  pages   = {291-296},
  month   = {jan.},
  note    = {Elsevier BV. http://dx.doi.org/10.1016/0031-3203(87)90004-5.},
  address = {[s.l.]},
  doi     = {http://dx.doi.org/10.1016/0031-3203(87)90004-5.},
}

@Article{Cazals:2003,
  author  = {Cazals, F. and Pouget, M.},
  title   = {Estimating Differential Quantities Using Polynomial Fitting of Osculating Jets},
  journal = {Computer Aided Geometric Design},
  year    = {2005},
  volume  = {22},
  number  = {2},
  pages   = {121-146},
  month   = {fev.},
  note    = {Elsevier BV. http://dx.doi.org/10.1016/j.cagd.2004.09.004.},
  address = {{[s.l.]}},
  doi     = {http://dx.doi.org/10.1016/j.cagd.2004.09.004},
}

@Article{Cesar:1996,
  author  = {R. M. {\relax Cesar Jr.} and L. F. Costa},
  title   = {Towards effective planar shape representation with multiscale digital curvature analysis based on signal processing techniques},
  journal = {Pattern Recognition},
  year    = {1996},
  volume  = {29},
  number  = {9},
  pages   = {1559-1569},
  month   = {set.},
  note    = {Elsevier BV. http://dx.doi.org/10.1016/0031-3203(96)00007-6.},
  address = {[s.l.]},
  doi     = {http://dx.doi.org/10.1016/0031-3203(96)00007-6},
}

@Article{Costa:1997,
  author  = {R. M. {\relax Cesar Jr.} and L. F. Costa},
  title   = {Application and assessment of multiscale bending energy for morphometric characterization of neural cells},
  journal = {Review Of Scientific Instruments},
  year    = {1997},
  volume  = {68},
  number  = {5},
  pages   = {2177-2186},
  month   = {maio},
  note    = {AIP Publishing. http://dx.doi.org/10.1063/1.1148112.},
  address = {[s.l.]},
  doi     = {http://dx.doi.org/10.1063/1.1148112},
}

@Article{Chaki201561,
  author  = {Jyotismita Chaki and Ranjan Parekh and Samar Bhattacharya},
  title   = {Plant leaf recognition using texture and shape features with neural classifiers},
  journal = {Pattern Recognition Letters},
  year    = {2015},
  volume  = {58},
  pages   = {61-68},
  month   = {jun.},
  note    = {Elsevier BV. https://doi.org/10.1016/j.patrec.2015.02.010.},
  address = {[s.l.]},
  doi     = {https://doi.org/10.1016/j.patrec.2015.02.010},
}

@Article{Cope20127562,
  author  = {James S. Cope and David Corney and Jonathan Y. Clark and Paolo Remagnino and Paul Wilkin},
  title   = {Plant species identification using digital morphometrics: A review},
  journal = {Expert Systems with Applications},
  year    = {2012},
  volume  = {39},
  number  = {8},
  pages   = {7562-7573},
  month   = {jun.},
  note    = {Elsevier BV. http://dx.doi.org/10.1016/j.eswa.2012.01.073.},
  address = {[s.l.]},
  doi     = {http://dx.doi.org/10.1016/j.eswa.2012.01.073},
}

@Book{Costa:2009,
  title     = {Shape Classification and Analysis: Theory and Practice},
  publisher = {CRC Press Taylor \& Francis Group},
  year      = {2009},
  author    = {L. F. Costa and R. M. {\relax Cesar Jr.}},
  address   = {Boca Raton, FL, USA},
  edition   = {2},
}

@Book{Cox:2000,
  title     = {Multidimensional {S}caling},
  publisher = {Chapman and Hall/CRC},
  year      = {2000},
  author    = {Trevor F. Cox and M. A. A. Cox},
  address   = {Boca Raton, FL, USA},
  edition   = {2},
}

@Article{Cui:2009,
  author  = {M. Cui and J. Femiani and J. Hu and P. Wonka and A. Razdan},
  title   = {Curve matching for open {2D} curves},
  journal = {Pattern Recognition Letters},
  year    = {2009},
  volume  = {30},
  number  = {1},
  pages   = {1-10},
  month   = {jan.},
  note    = {Elsevier BV. http://dx.doi.org/10.1016/j.patrec.2008.08.013.},
  address = {[s.l.]},
  doi     = {http://dx.doi.org/10.1016/j.patrec.2008.08.013},
}

@InProceedings{4756134,
  author    = {Direkoglu, C. and Nixon, M. S.},
  title     = {Image-Based Multiscale Shape Description Using Gaussian Filter},
  booktitle = {Sixth Indian Conference on Computer Vision, Graphics Image Processing.},
  year      = {2008},
  pages     = {673-678},
  address   = {Bhudaneswar, India},
  month     = {dez.},
  note      = {Institute of Electrical and Electronics Engineers (IEEE).},
  doi       = {https://doi.org/10.1109/icvgip.2008.40},
}

@Article{Direkoglu:2011,
  author  = {Cem Direkoglu and Mark S. Nixon},
  title   = {Shape classification via image-based multiscale description},
  journal = {Pattern Recognition},
  year    = {2011},
  volume  = {44},
  pages   = {2134-2146},
  month   = {set.},
  note    = {Elsevier BV. http://dx.doi.org/10.1016/j.patcog.2011.02.016.},
  address = {[s.l.]},
  doi     = {http://dx.doi.org/10.1016/j.patcog.2011.02.016},
}

@Article{Eiben:2015,
  author  = {Eiben, Agoston E. and Smith, Jim},
  title   = {From evolutionary computation to the evolution of things},
  journal = {Nature},
  year    = {2015},
  volume  = {521},
  number  = {7553},
  pages   = {476-482},
  month   = {maio},
  note    = {Springer Nature. http://dx.doi.org/10.1038/nature14544.},
  address = {[s.l.]},
  doi     = {http://dx.doi.org/10.1038/nature14544},
}

@Book{Andries:2007,
  title     = {Computational intelligence},
  publisher = {John Wiley \& Sons Ltd},
  year      = {2007},
  author    = {Engelbrecht, Andries P.},
  edition   = {2},
}

@Book{Escolano:2009,
  title     = {Information Theory in Computer Vision},
  publisher = {Springer},
  year      = {2009},
  author    = {Francisco Escolano and Pablo Suau and Boyán Bonev},
  address   = {London},
  edition   = {1},
}

@Book{Feng:2003,
  title     = {Multimedia Information Retrieval and Management: Technological Fundamentals and Applications},
  publisher = {Springer},
  year      = {2003},
  author    = {D. Feng and W. C. Siu and H. J. Zhang},
}

@Article{Florindo:2012,
  author  = {J. Batista Florindo and A. R. Backes and M. Castro and O. M. Bruno},
  title   = {A comparative study on multiscale fractal dimension descriptors},
  journal = {Pattern Recognition Letters},
  year    = {2012},
  volume  = {33},
  number  = {6},
  pages   = {798-806},
  month   = {abr.},
  note    = {Elsevier BV. http://dx.doi.org/10.1016/j.patrec.2011.12.016.},
  address = {[s.l.]},
  doi     = {http://dx.doi.org/10.1016/j.patrec.2011.12.016},
}

@Article{Florindo:2013,
  author  = {Florindo, Joao Batista and Bruno, Odemir Martinez},
  title   = {{Multiscale Fractal Descriptors Applied to Texture Classification}},
  journal = {{Journal of Physics: Conference Series}},
  year    = {{2013}},
  volume  = {{410}},
  number  = {1},
  pages   = {012022},
  month   = {set.},
  note    = {IOP Publishing Ltd. https://doi.org/10.1088/1742-6596/410/1/012022},
  address = {{Budapest, Hungary}},
  doi     = {https://doi.org/10.1088/1742-6596/410/1/012022},
}

@Article{Fotopoulou:2013,
  author  = {Fotopoulou, F. and Laskaris, N. and Economou, G. and Fotopoulos, S.},
  title   = {{Advanced leaf image retrieval via Multidimensional Embedding Sequence Similarity (MESS) method}},
  journal = {Pattern Analysis and Applications},
  year    = {2011},
  volume  = {16},
  number  = {3},
  pages   = {381-392},
  month   = {dez.},
  note    = {Springer Nature. http://dx.doi.org/10.1007.},
  address = {[s.l.]},
  doi     = {http://dx.doi.org/10.1007},
}

@Article{FreitasS.TorresMiranda2016,
  author  = {Anderson M. Freitas and Ricardo da S. Torres and Paulo A. V. Miranda},
  title   = {{TSS} {\&} {TSB}: Tensor scale descriptors within circular sectors for fast shape retrieval},
  journal = {Pattern Recognition Letters},
  year    = {2016},
  volume  = {83},
  pages   = {303-311},
  month   = {nov.},
  note    = {Elsevier BV. http://dx.doi.org/10.1016/j.patrec.2016.06.005.},
  address = {[s.l.]},
  doi     = {http://dx.doi.org/10.1016/j.patrec.2016.06.005},
}

@Book{Fukunaga:1990,
  title     = {Introduction to Statistical Pattern Recognition},
  publisher = {Morgan Kaufmann (Academic Press)},
  year      = {1990},
  author    = {Fukunaga, Keinosuke},
  edition   = {2},
}

@Article{JVS:JVS1441,
  author  = {Gomes, Ana C. S. and Andrade, Ana and Barreto-Silva, Juan S. and Brenes-Arguedas, Tania and L\'opez, Dairon C. and de Freitas, Camila C. and Lang, Carla and de Oliveira, Alexandre A. and P\'erez, Alvaro J. and Perez, Rolando and da Silva, Jo\'ao B. and Silveira, Alexandra M.F. and Vaz, Marcel C. and Vendrami, Juliana and Vicentini, Alberto},
  title   = {Local plant species delimitation in a highly diverse Amazonian forest: do we all see the same species?},
  journal = {Journal of Vegetation Science},
  year    = {2012},
  volume  = {24},
  number  = {1},
  pages   = {70-79},
  month   = {jul.},
  note    = {Wiley-Blackwell. http://dx.doi.org/10.1111/j.1654-1103.2012.01441.x.},
  address = {[s.l.]},
  doi     = {http://dx.doi.org/10.1111/j.1654-1103.2012.01441.x},
}

@Book{Gonzalez:2006,
  title     = {Digital Imaging Processing},
  publisher = {Prentice Hall, Inc},
  year      = {2006},
  author    = {R. C. Gonzalez and R. E. Woods},
  address   = {Upper Saddle River, NJ, USA},
  edition   = {3},
}

@InProceedings{quteprints78723,
  author    = {David Hall and Chris McCool and Feras Dayoub and Niko Sunderhauf and Ben Upcroft},
  title     = {Evaluation of features for leaf classification in challenging conditions},
  booktitle = {IEEE Winter Conference on Applications of Computer Vision (WACV 2015)},
  year      = {2015},
  pages     = {797-804},
  address   = {Big Island, Hawaii, USA},
  month     = {jan.},
  note      = {Institute of Electrical and Electronics Engineers (IEEE)},
  doi       = {https://doi.org/10.1109/wacv.2015.111},
}

@Article{4309314,
  author  = {Haralick, R. M. and Shanmugam, K. and Dinstein, Its'Hak},
  title   = {Textural Features for Image Classification},
  journal = {IEEE Transactions on Systems, Man and Cybernetics},
  year    = {1973},
  volume  = {3},
  number  = {6},
  pages   = {610-621},
  month   = {nov.},
  note    = {Institute of Electrical and Electronics Engineers (IEEE). http://dx.doi.org/10.1109/tsmc.1973.4309314.},
  address = {[s.l.]},
  doi     = {http://dx.doi.org/10.1109/tsmc.1973.4309314},
}

@Article{Hu20123348,
  author  = {{Rong-Xiang} Hu and Wei Jia and David Zhang and Jie Gui and {Liang-Tu} Song},
  title   = {Hand shape recognition based on coherent distance shape contexts},
  journal = {Pattern Recognition},
  year    = {2012},
  volume  = {45},
  number  = {9},
  pages   = {3348-3359},
  month   = {set.},
  note    = {Elsevier BV. http://dx.doi.org/10.1016/j.patcog.2012.02.018.},
  address = {[s.l.]},
  doi     = {http://dx.doi.org/10.1016/j.patcog.2012.02.018},
}

@Article{Jiang20078,
  author  = {M. Jiang and Y. P. Luo and S. Y. Yang},
  title   = {Stochastic convergence analysis and parameter selection of the standard particle swarm optimization algorithm},
  journal = {Information Processing Letters},
  year    = {2007},
  volume  = {102},
  number  = {1},
  pages   = {8-16},
  month   = {abr.},
  note    = {Elsevier BV. http://dx.doi.org/10.1016/j.ipl.2006.10.005.},
  address = {[s.l.]},
  doi     = {http://dx.doi.org/10.1016/j.ipl.2006.10.005},
}

@Article{Kim:2000,
  author  = {{Whoi-Yul} Kim and {Yong-Sung} Kim},
  title   = {A region-based shape descriptor using {Z}ernike moments},
  journal = {Signal Processing: Image Communication},
  year    = {2000},
  volume  = {16},
  number  = {1–2},
  pages   = {95-102},
  month   = {set.},
  note    = {Elsevier BV. http://dx.doi.org/10.1016/s0923-5965(00)00019-9.},
  address = {[s.l.]},
  doi     = {http://dx.doi.org/10.1016/s0923-5965(00)00019-9},
}

@Article{Kindratenko:2003,
  author  = {Kindratenko, V. V.},
  title   = {On Using Functions to Describe the Shape},
  journal = {Journal of Mathematical Imaging and Vision},
  year    = {2003},
  volume  = {18},
  number  = {3},
  pages   = {225-245},
  month   = {mai.},
  note    = {Springer Nature. http://dx.doi.org/10.1023/a:1022843426320.},
  address = {[s.l.]},
  doi     = {http://dx.doi.org/10.1023/a:1022843426320},
}

@Article{Koenderink:1984,
  author  = {Jan J. Koenderink},
  title   = {{The structure of images}},
  journal = {Biological Cybernetics},
  year    = {1984},
  volume  = {50},
  number  = {5},
  pages   = {363-370},
  month   = {ago.},
  note    = {Springer Nature. http://dx.doi.org/10.1007/bf00336961.},
  address = {[s.l.]},
  doi     = {10.1007/BF00336961},
  issue   = {5},
}

@Article{Kohonen:1982,
  author  = {Kohonen, Teuvo},
  title   = {Self-organized formation of topologically correct feature maps},
  journal = {Biological Cybernetics},
  year    = {1982},
  volume  = {43},
  number  = {1},
  pages   = {59-69},
  month   = {jan.},
  note    = {Springer Nature. http://dx.doi.org/10.1007/bf00337288.},
  address = {[s.l.]},
  doi     = {http://dx.doi.org/10.1007/bf00337288},
}

@Book{Kohonen:2001,
  title     = {Self-Organizing Maps},
  publisher = {Springer-Verlag New York, Inc.},
  year      = {2001},
  author    = {Kohonen, T. and Schroeder, M. R. and Huang, T. S.},
  address   = {Secaucus, NJ, USA},
  edition   = {3},
}

@Article{4202050,
  author  = {Kpalma, K. and Ronsin, J.},
  title   = {Turning angle based representation for planar objects},
  journal = {Electronics Letters},
  year    = {2007},
  volume  = {43},
  number  = {10},
  pages   = {561-562},
  month   = {mai.},
  note    = {Institution of Engineering and Technology (IET). http://dx.doi.org/10.1049/el:20073895.},
  address = {[s.l.]},
  doi     = {http://dx.doi.org/10.1049/el:20073895},
}

@Article{Kuroiwa200031,
  author  = {J. Kuroiwa and S. Inawashiro and S. Miyake and H. Aso},
  title   = {Self-organization of orientation maps in a formal neuron model using a cluster learning rule},
  journal = {Neural Networks},
  year    = {2000},
  volume  = {13},
  number  = {1},
  pages   = {31-40},
  month   = {jan.},
  note    = {Elsevier BV. http://dx.doi.org/10.1016/s0893-6080(99)00081-7.},
  address = {[s.l.]},
  doi     = {http://dx.doi.org/10.1016/s0893-6080(99)00081-7},
}

@Article{Latecki:2007,
  author  = {Longin Jan Latecki and Vasileios Megalooikonomou and Qiang Wang and Deguang Yu},
  title   = {An elastic partial shape matching technique},
  journal = {Pattern Recognition},
  year    = {2007},
  volume  = {40},
  number  = {11},
  pages   = {3069-3080},
  month   = {nov.},
  note    = {Elsevier BV. http://dx.doi.org/10.1016/j.patcog.2007.03.004.},
  address = {[s.l.]},
  doi     = {http://dx.doi.org/10.1016/j.patcog.2007.03.004},
}

@InProceedings{855850,
  author    = {Latecki, L. J. and Lakamper, R. and Eckhardt, T.},
  title     = {Shape descriptors for non-rigid shapes with a single closed contour},
  booktitle = {Proceedings IEEE Conference on Computer Vision and Pattern Recognition. CVPR 2000},
  year      = {2000},
  volume    = {1},
  pages     = {424-429},
  address   = {Hilton Head Island, South Carolina, USA},
  month     = {jun.},
  note      = {Institute of Electrical and Electronics Engineers (IEEE)},
  doi       = {https://doi.org/10.1109/cvpr.2000.855850},
}

@Article{Lee:2009,
  author        = {D. J. Lee and S. Antani and Y. Chang and K. Gledhill and L. R. Long and P. Christensen},
  title         = {{CBIR} of spine {X-ray} images on inter-vertebral disc space and shape profiles using feature ranking and voting consensus},
  journal       = {Data \& Knowledge Engineering},
  year          = {2009},
  volume        = {68},
  number        = {12},
  pages         = {1359-1369},
  month         = {dec.},
  note          = {Elsevier BV. https://doi.org/10.1016/j.datak.2009.07.008.},
  __markedentry = {[Marcelo:]},
  address       = {[s.l.]},
  doi           = {https://doi.org/10.1016/j.datak.2009.07.008},
}

@Article{LiKuangLiuEtAl2016,
  author  = {Zongmin Li and Zhenzhong Kuang and Yujie Liu and Jiayan Wang},
  title   = {Multiscale shape context and re-ranking for deformable shape retrieval},
  journal = {Computers {\&} Graphics},
  year    = {2016},
  volume  = {54},
  pages   = {8-17},
  month   = {fev.},
  note    = {Elsevier BV. http://dx.doi.org/10.1016/j.cag.2015.07.002.},
  address = {[s.l.]},
  doi     = {http://dx.doi.org/10.1016/j.cag.2015.07.002},
}

@InProceedings{1467513,
  author    = {Haibin Ling and Jacobs, D. W.},
  title     = {Using the inner-distance for classification of articulated shapes},
  booktitle = {Proceedings IEEE Computer Society Conference on Computer Vision and Pattern Recognition. CVPR 2005},
  year      = {2005},
  volume    = {2},
  pages     = {719-726},
  address   = {San Diego, California, USA},
  month     = {jun.},
  note      = {Institute of Electrical and Electronics Engineers (IEEE).},
  doi       = {https://doi.org/10.1109/CVPR.2005.362},
}

@Article{Ling:2007:SCU:1191552.1191806,
  author  = {Ling, Haibin and Jacobs, David W.},
  title   = {Shape Classification Using the Inner-Distance},
  journal = {IEEE Transactions on Pattern Analysis and Machine Intelligence.},
  year    = {2007},
  volume  = {29},
  number  = {2},
  pages   = {286-299},
  month   = {fev.},
  note    = {Institute of Electrical and Electronics Engineers (IEEE). http://dx.doi.org/10.1109/tpami.2007.41.},
  address = {[s.l.]},
  doi     = {http://dx.doi.org/10.1109/tpami.2007.41},
}

@InProceedings{5376587,
  author    = {Xin Liu and Xinge You and {Yiu-ming} Cheung},
  title     = {Texture Image Retrieval Using Non-separable Wavelets and Local Binary Patterns},
  booktitle = {2009 International Conference on Computational Intelligence and Security. CIS 2009.},
  year      = {2009},
  volume    = {1},
  pages     = {287-291},
  address   = {Beijing. China.},
  month     = {dez.},
  note      = {Institute of Electrical and Electronics Engineers (IEEE).},
  doi       = {https://doi.org/10.1109/cis.2009.181},
}

@Article{Liu:2007,
  author  = {Y. Liu and D. Zhang and G. Lu and W. Ma},
  title   = {A survey of content-based image retrieval with high-level semantics},
  journal = {Pattern Recognition},
  year    = {2007},
  volume  = {40},
  number  = {1},
  pages   = {262-282},
  month   = {jan.},
  note    = {Elsevier BV. http://dx.doi.org/10.1016/j.patcog.2006.04.045.},
  address = {[s.l.]},
  doi     = {http://dx.doi.org/10.1016/j.patcog.2006.04.045},
}

@Book{Mandelbrot:2000,
  title     = {The Fractal Geometry of Nature},
  publisher = {W. H. Freeman \& Company},
  year      = {2000},
  author    = {B. B. Mandelbrot},
  address   = {New York, NY, USA},
  edition   = {19},
}

@Article{531803,
  author  = {Manjunath, B. S. and Ma, W.},
  title   = {Texture features for browsing and retrieval of image data},
  journal = {IEEE Transactions on Pattern Analysis and Machine Intelligence.},
  year    = {1996},
  volume  = {18},
  number  = {8},
  pages   = {837-842},
  note    = {Institute of Electrical and Electronics Engineers (IEEE). http://dx.doi.org/10.1109/34.531803.},
  address = {[s.l.]},
  doi     = {http://dx.doi.org/10.1109/34.531803},
}

@InProceedings{595364,
  author    = {Marana, A. N. and Costa, L. F. and Velastin, S. A. and Lotufo, R. A.},
  title     = {Oriented texture classification based on self-organizing neural network and {H}ough transform},
  booktitle = {1997 IEEE International Conference on Acoustics, Speech, and Signal Processing. ICASSP 1997.},
  year      = {1997},
  volume    = {4},
  pages     = {2773-2775},
  address   = {Munich, Germany},
  month     = {abr.},
  note      = {Institute of Electrical and Electronics Engineers (IEEE).},
  doi       = {https://doi.org/10.1109/icassp.1997.595364},
}

@Article{Milios:2000,
  author  = {Milios, E. and Petrakis, E. G. M.},
  title   = {Shape retrieval based on dynamic programming},
  journal = {IEEE Transactions on Image Processing},
  year    = {2000},
  volume  = {9},
  number  = {1},
  pages   = {141-147},
  note    = {Institute of Electrical and Electronics Engineers (IEEE). http://dx.doi.org/10.1109/83.817606.},
  address = {[s.l.]},
  doi     = {http://dx.doi.org/10.1109/83.817606},
}

@Article{Mokhtarian:1986,
  author  = {F. Mokhtarian and A. K. Mackworth},
  title   = {Scale-Based Description and Recognition of Planar Curves and Two-Dimensional Shapes},
  journal = {IEEE Transactions on Pattern Analysis and Machine Intelligence},
  year    = {1986},
  volume  = {8},
  number  = {1},
  pages   = {34-43},
  month   = {jan.},
  note    = {Institute of Electrical and Electronics Engineers (IEEE). http://dx.doi.org/10.1109/tpami.1986.4767750.},
  address = {[s.l.]},
  doi     = {http://dx.doi.org/10.1109/tpami.1986.4767750},
}

@Article{149591,
  author  = {Mokhtarian, F. and Mackworth, A. K.},
  title   = {A theory of multiscale, curvature-based shape representation for planar curves},
  journal = {IEEE Transactions on Pattern Analysis and Machine Intelligence},
  year    = {1992},
  volume  = {14},
  number  = {8},
  pages   = {789-805},
  note    = {Institute of Electrical and Electronics Engineers (IEEE). http://dx.doi.org/10.1109/34.149591.},
  address = {[s.l.]},
  doi     = {http://dx.doi.org/10.1109/34.149591},
}

@Article{mokhtarian1998robust,
  author  = {Mokhtarian, Farzin and Suomela, Riku},
  title   = {Robust image corner detection through curvature scale space},
  journal = {IEEE Transactions On Pattern Analysis And Machine Inteligence},
  year    = {1998},
  volume  = {20},
  number  = {12},
  pages   = {1376-1381},
  note    = {Institute of Electrical and Electronics Engineers (IEEE). http://dx.doi.org/10.1109/34.735812.},
  address = {[s.l.]},
  doi     = {http://dx.doi.org/10.1109/34.735812},
}

@Article{Nam2008245,
  author  = {Yunyoung Nam and Eenjun Hwang and Dongyoon Kim},
  title   = {A similarity-based leaf image retrieval scheme: Joining shape and venation features},
  journal = {Computer Vision and Image Understanding},
  year    = {2008},
  volume  = {110},
  number  = {2},
  pages   = {245-259},
  month   = {maio},
  note    = {Elsevier BV. http://dx.doi.org/10.1016/j.cviu.2007.08.002.},
  address = {[s.l.]},
  doi     = {http://dx.doi.org/10.1016/j.cviu.2007.08.002},
}

@Article{Nanni20122254,
  author  = {Loris Nanni and Sheryl Brahnam and Alessandra Lumini},
  title   = {Local phase quantization descriptor for improving shape retrieval/classification},
  journal = {Pattern Recognition Letters},
  year    = {2012},
  volume  = {33},
  number  = {16},
  pages   = {2254-2260},
  month   = {dez.},
  note    = {Elsevier BV. http://dx.doi.org/10.1016/j.patrec.2012.07.007.},
  address = {[s.l.]},
  doi     = {http://dx.doi.org/10.1016/j.patrec.2012.07.007},
}

@InProceedings{1168520,
  author    = {Paglieroni, D. W. and Jain, A.},
  title     = {A control point theory for boundary representation and matching},
  booktitle = {IEEE International Conference on Acoustics, Speech, and Signal Processing. ICASSP 1985.},
  year      = {1985},
  volume    = {10},
  pages     = {1851-1854},
  address   = {Hyatt Regency Hotel, Tampa, Florida, USA},
  month     = {abr.},
  note      = {Institute of Electrical and Electronics Engineers (IEEE)},
  doi       = {https://doi.org/10.1109/icassp.1985.1168520},
}

@Article{palazon2012dynamic,
  author  = {Palaz{\'o}n-Gonz{\'a}lez, Vicente and Marzal, Andr{\'e}s},
  title   = {On the dynamic time warping of cyclic sequences for shape retrieval},
  journal = {Image and Vision Computing},
  year    = {2012},
  volume  = {30},
  number  = {12},
  pages   = {978-990},
  month   = {dez.},
  note    = {Elsevier BV. http://dx.doi.org/10.1016/j.imavis.2012.08.012.},
  address = {[s.l.]},
  doi     = {http://dx.doi.org/10.1016/j.imavis.2012.08.012},
}

@Article{Paula:2013,
  author  = {{\relax Paula Jr.}, Ialis C. and Medeiros, Fatima N. and Bezerra, Francisco N. and Ushizima, Daniela M.},
  title   = {Multiscale Corner Detection in Planar Shapes},
  journal = {Journal Of Mathematical Imaging And Vision},
  year    = {2012},
  volume  = {45},
  number  = {3},
  pages   = {251-263},
  month   = {jul.},
  note    = {Springer Nature. http://dx.doi.org/10.1007/s10851-012-0365-8.},
  address = {[s.l.]},
  doi     = {http://dx.doi.org/10.1007/s10851-012-0365-8},
}

@Article{Qi20102017,
  author  = {Heng Qi and Keqiu Li and Yanming Shen and Wenyu Qu},
  title   = {An effective solution for trademark image retrieval by combining shape description and feature matching},
  journal = {Pattern Recognition},
  year    = {2010},
  volume  = {43},
  number  = {6},
  pages   = {2017 - 2027},
  month   = {jun.},
  note    = {Elsevier BV. http://dx.doi.org/10.1016/j.patcog.2010.01.007.},
  address = {[s.l.]},
  doi     = {http://dx.doi.org/10.1016/j.patcog.2010.01.007},
}

@Article{Quadri:2015,
  author  = {Quadri, Abeer Toheed and Sirshar, Mehreen},
  title   = {Leaf Recognition System Using Multi-Class Kernel Support Vector Machine},
  journal = {International Journal of Computer and Communication System Engineering},
  year    = {2015},
  volume  = {2},
  number  = {2},
  pages   = {260-263},
  month   = {abr.},
  note    = {IJCCS.},
  address = {[s.l.]},
}

@Article{5009188,
  author  = {Rosenfeld, Azriel and Johnston, Emily},
  title   = {Angle Detection on Digital Curves},
  journal = {IEEE Transactions on Computers},
  year    = {1973},
  volume  = {C-22},
  number  = {9},
  pages   = {875-878},
  month   = {set.},
  note    = {Institute of Electrical and Electronics Engineers (IEEE). http://dx.doi.org/10.1109/tc.1973.5009188.},
  address = {[s.l.]},
  doi     = {http://dx.doi.org/10.1109/tc.1973.5009188},
}

@Article{Rousseeuw:1987,
  author  = {P. J. Rousseeuw},
  title   = {Silhouettes: a graphical aid to the interpretation and validation of cluster analysis},
  journal = {Journal of Computational and Applied Mathematics},
  year    = {1987},
  volume  = {20},
  number  = {1},
  pages   = {53-65},
  month   = {nov.},
  note    = {Elsevier BV. http://dx.doi.org/10.1016/0377-0427(87)90125-7.},
  address = {[s.l.]},
  doi     = {http://dx.doi.org/10.1016/0377-0427(87)90125-7},
}

@Book{Rousseeuw:1987:2,
  title     = {Robust Regression and Outlier Detection},
  publisher = {John Wiley \& Sons, Inc.},
  year      = {1987},
  author    = {Rousseeuw, P. J. and Leroy, A. M.},
  address   = {New York, NY, USA},
}

@Article{DiRuberto:2009,
  author  = {Cecilia Di Ruberto and Luigi Cinque},
  title   = {Decomposition of two-dimensional shapes for efficient retrieval},
  journal = {Image and Vision Computing},
  year    = {2009},
  volume  = {27},
  number  = {8},
  pages   = {1097-1107},
  month   = {jul.},
  note    = {Elsevier BV. http://dx.doi.org/10.1016/j.imavis.2008.10.009.},
  address = {[s.l.]},
  doi     = {http://dx.doi.org/10.1016/j.imavis.2008.10.009},
}

@Article{Sebastian:2004,
  author  = {Sebastian, T. B. and Klein, P. N. and Kimia, B. B.},
  title   = {Recognition of shapes by editing their shock graphs},
  journal = {IEEE Transactions on Pattern Analysis and Machine Intelligence.},
  year    = {2004},
  volume  = {26},
  number  = {5},
  pages   = {550-571},
  month   = {maio},
  note    = {Institute of Electrical and Electronics Engineers (IEEE). http://dx.doi.org/10.1109/tpami.2004.1273924.},
  address = {[s.l.]},
  doi     = {http://dx.doi.org/10.1109/tpami.2004.1273924},
}

@Article{Shi20022051,
  author  = {Meng Shi and Yoshiharu Fujisawa and Tetsushi Wakabayashi and Fumitaka Kimura},
  title   = {Handwritten numeral recognition using gradient and curvature of gray scale image},
  journal = {Pattern Recognition},
  year    = {2002},
  volume  = {35},
  number  = {10},
  pages   = {2051-2059},
  month   = {out.},
  note    = {Elsevier BV. http://dx.doi.org/10.1016/s0031-3203(01)00203-5.},
  address = {[s.l.]},
  doi     = {http://dx.doi.org/10.1016/s0031-3203(01)00203-5},
}

@InProceedings{Yuhui:1998,
  author    = {Yuhui Shi and Eberhart, R.},
  title     = {A modified particle swarm optimizer},
  booktitle = {1998 IEEE International Conference on Evolutionary Computation Proceedings. IEEE World Congress on Computational Intelligence},
  year      = {1998},
  pages     = {69-73},
  address   = {Anchorage, Alaska , USA},
  month     = {mai.},
  note      = {Institute of Electrical and Electronics Engineers (IEEE)},
  doi       = {https://doi.org/10.1109/icec.1998.699146},
}

@InProceedings{Kenji:1992,
  author    = {Shoji, K.},
  title     = {{Generalized skeleton representation and adaptive rectangular decomposition of binary images}},
  booktitle = {Proceedings of SPIE, Image Algebra and Morphological Image Processing III},
  year      = {1992},
  editor    = {{Gader}, P.~D. and {Dougherty}, E.~R. and {Serra}, J.~C.},
  volume    = {1769},
  pages     = {404-415},
  address   = {San Diego, California, USA},
  month     = {jun.},
  doi       = {https://doi.org/10.1117/12.60660},
}

@Article{ShuPanWu2015,
  author  = {Xin Shu and Lei Pan and {Xiao-Jun} Wu},
  title   = {Multi-scale contour flexibility shape signature for {Fourier} descriptor},
  journal = {Journal of Visual Communication and Image Representation},
  year    = {2015},
  volume  = {26},
  pages   = {161-167},
  month   = {jan.},
  note    = {Elsevier BV. http://dx.doi.org/10.1016/j.jvcir.2014.11.007.},
  address = {[s.l.]},
  doi     = {http://dx.doi.org/10.1016/j.jvcir.2014.11.007},
}

@Article{Smeulders:2000,
  author  = {A. W. M. Smeulders and M. Worring and S. Santini and A. Gupta and R. Jain},
  title   = {Content-based image retrieval at the end of the early years},
  journal = {IEEE Transactions on Pattern Analysis and Machine Intelligence},
  year    = {2000},
  volume  = {22},
  number  = {12},
  pages   = {1349-1380},
  month   = {dez.},
  note    = {Institute of Electrical and Electronics Engineers (IEEE). https://doi.org/10.1109/34.895972.},
  address = {[s.l.]},
  doi     = {https://doi.org/10.1109/34.895972},
}

@Article{deSouza2016,
  author  = {Marcelo M.S. de Souza and Fatima N.S. Medeiros and Geraldo L.B. Ramalho and Iális C. de {\relax Paula Jr.} and Isaura N.S. Oliveira},
  title   = {Evolutionary optimization of a multiscale descriptor for leaf shape analysis},
  journal = {Expert Systems with Applications},
  year    = {2016},
  volume  = {63},
  pages   = {375-385},
  month   = {nov.},
  note    = {Elsevier BV. http://dx.doi.org/10.1016/j.eswa.2016.07.016.},
  address = {[s.l.]},
  doi     = {http://dx.doi.org/10.1016/j.eswa.2016.07.016},
}

@InProceedings{Storn:1996,
  author    = {Storn, R.},
  title     = {On the usage of differential evolution for function optimization},
  booktitle = {1996 Biennial Conference of the North American Fuzzy Information Processing Society - NAFIPS},
  year      = {1996},
  pages     = {519-523},
  address   = {Berkeley, California, USA},
  month     = {jun.},
  note      = {Institute of Electrical and Electronics Engineers (IEEE)},
  doi       = {https://doi.org/10.1109/nafips.1996.534789},
}

@Article{Storn:1007,
  author  = {Storn, Rainer and Price, Kenneth},
  title   = {Differential Evolution – A Simple and Efficient Heuristic for global Optimization over Continuous Spaces},
  journal = {Journal of Global Optimization},
  year    = {1997},
  volume  = {11},
  number  = {4},
  pages   = {341-359},
  month   = {dez.},
  note    = {Springer Nature. http://dx.doi.org/10.1023/A:1008202821328.},
  address = {[s.l.]},
  doi     = {http://dx.doi.org/10.1023/A:1008202821328},
}

@Article{Strong2011774,
  author  = {Grant Strong and Minglun Gong},
  title   = {Similarity-based image organization and browsing using multi-resolution self-organizing map},
  journal = {Image and Vision Computing},
  year    = {2011},
  volume  = {29},
  number  = {11},
  pages   = {774-786},
  month   = {out.},
  note    = {Elsevier BV. http://dx.doi.org/10.1016/j.imavis.2011.08.007.},
  address = {[s.l.]},
  doi     = {http://dx.doi.org/10.1016/j.imavis.2011.08.007},
}

@Article{Suzuki198532,
  author  = {Satoshi Suzuki and KeiichiA Be},
  title   = {Topological structural analysis of digitized binary images by border following},
  journal = {Computer Vision, Graphics, and Image Processing},
  year    = {1985},
  volume  = {30},
  number  = {1},
  pages   = {32 - 46},
  month   = {abr.},
  note    = {Elsevier BV. http://dx.doi.org/10.1016/0734-189x(85)90016-7.},
  address = {[s.l.]},
  doi     = {http://dx.doi.org/10.1016/0734-189x(85)90016-7},
}

@Article{Torres:2006,
  author  = {Torres, R. S. and Falc{\~a}o, A. X.},
  title   = {Content-Based Image Retrieval: Theory and Applications},
  journal = {Revista de Inform{\'a}tica Te{\'o}rica e Aplicada},
  year    = {2006},
  volume  = {13},
  number  = {2},
  pages   = {161-185},
  month   = {jan.},
  note    = {Universidade Federal do Rio Grande do Sul.},
  address = {[s.l.]},
}

@Article{Ullah1996,
  author  = {Ullah, Aman},
  title   = {Entropy, divergence and distance measures with econometric applications},
  journal = {Journal of Statistical Planning and Inference},
  year    = {1996},
  volume  = {49},
  number  = {1},
  pages   = {137-162},
  month   = {jan.},
  note    = {Elsevier BV. http://dx.doi.org/10.1016/0378-3758(95)00034-8.},
  address = {[s.l.]},
  doi     = {http://dx.doi.org/10.1016/0378-3758(95)00034-8},
}

@Book{Ullman:1996,
  title     = {High-level vision},
  publisher = {MIT Press},
  year      = {1995},
  author    = {Ullman, Shimon},
  address   = {Cambridge, Massachusetts, USA},
}

@InProceedings{Ultsch:1990,
  author    = {A. Ultsch and H. P. Siemon},
  title     = {{Kohonen's Self Organizing Feature Maps for Exploratory Data Analysis}},
  booktitle = {Proceedings of International Neural Network Conference (INNC 1990)},
  year      = {1990},
  pages     = {305-308},
  address   = {Paris, France},
  month     = {jul.},
  note      = {Kluwer Academic Publishers},
  doi       = {DOI 10.1007/978-94-009-0643},
}

@InCollection{Ushizima:2015,
  author    = {Daniela Ushizima and Allan Carneiro and Marcelo Souza and Fatima Medeiros},
  title     = {Investigating Pill Recognition Methods for a New National Library of Medicine Image Dataset},
  booktitle = {Advances in Visual Computing},
  year      = {2015},
  volume    = {9475},
  series    = {Lecture Notes in Computer Science},
  pages     = {410-419},
  address   = {Las Vegas, NV, USA},
  month     = {dez.},
  note      = {Springer International Publishing. http://dx.doi.org/10.1007/978-3-319-27863-6\_38.},
  doi       = {http://dx.doi.org/10.1007/978-3-319-27863-6\_38},
}

@Article{wang2015march,
  author  = {Wang, Bin and Brown, Douglas and Gao, Yongsheng and La Salle, John},
  title   = {MARCH: Multiscale-arch-height description for mobile retrieval of leaf images},
  journal = {Information Sciences},
  year    = {2015},
  volume  = {302},
  pages   = {132-148},
  month   = {maio},
  note    = {Elsevier BV. http://dx.doi.org/10.1016/j.ins.2014.07.028.},
  address = {[s.l.]},
  doi     = {http://dx.doi.org/10.1016/j.ins.2014.07.028},
}

@Article{Wang2012134,
  author  = {Junwei Wang and Xiang Bai and Xinge You and Wenyu Liu and Longin Jan Latecki},
  title   = {Shape matching and classification using height functions},
  journal = {Pattern Recognition Letters},
  year    = {2012},
  volume  = {33},
  number  = {2},
  pages   = {134-143},
  month   = {jan.},
  note    = {Elsevier BV. http://dx.doi.org/10.1016/j.patrec.2011.09.042.},
  address = {[s.l.]},
  doi     = {http://dx.doi.org/10.1016/j.patrec.2011.09.042},
}

@InCollection{Wang:2000,
  author    = {Wang, Zhiyong and Chi, Zheru and Feng, Dagan and Wang, Qing},
  title     = {Leaf Image Retrieval with Shape Features},
  booktitle = {Advances in Visual Information Systems},
  year      = {2000},
  volume    = {1929},
  series    = {Lecture Notes in Computer Science},
  pages     = {477-487},
  address   = {Lyon, France},
  month     = {nov.},
  note      = {Springer Berlin Heidelberg. https://doi.org/10.1007/3-540-40053-2\_42.},
  doi       = {https://doi.org/10.1007/3-540-40053-2\_42},
}

@Book{Webb:2002,
  title     = {Statistical Pattern Recognition},
  publisher = {John Wiley \& Sons Ltd},
  year      = {2002},
  author    = {Webb, Andrew R.},
  edition   = {2}
}

@InCollection{Witkin:1983,
  author    = {Witkin, Andrew P.},
  title     = {Scale-space Filtering},
  booktitle = {Readings in Computer Vision},
  year      = {1987},
  pages     = {329-332},
  address   = {San Francisco, CA, USA},
  note      = {Morgan Kaufmann Publishers Inc.},
  doi       = {https://doi.org/10.1016/b978-0-08-051581-6.50036-2},
  location  = {Karlsruhe, West Germany},
  numpages  = {4},
}

@InProceedings{4458016,
  author    = {Wu, S. G. and Bao, F. S. and Xu, E. Y. and {Yu-Xuan} Wang and {Yi-Fan} Chang and {Qiao-Liang} Xiang},
  title     = {A Leaf Recognition Algorithm for Plant Classification Using Probabilistic Neural Network},
  booktitle = {2007 IEEE International Symposium on Signal Processing and Information Technology (ISSPIT 2007)},
  year      = {2007},
  pages     = {11-16},
  address   = {Cairo, Egypt},
  month     = {dez.},
  note      = {Institute of Electrical and Electronics Engineers (IEEE)},
  doi       = {https://doi.org/10.1109/isspit.2007.4458016},
}

@Article{Yang:2006,
  author  = {G. Y. Yang and H. Z. Shu and C. Toumoulin and G. N. Han and L. M. Luo},
  title   = {Efficient {L}egendre moment computation for grey level images},
  journal = {Pattern Recognition},
  year    = {2006},
  volume  = {39},
  number  = {1},
  pages   = {74-80},
  month   = {jan.},
  note    = {Elsevier BV. http://dx.doi.org/10.1016/j.patcog.2005.08.008.},
  address = {[s.l.]},
  doi     = {http://dx.doi.org/10.1016/j.patcog.2005.08.008},
}

@Article{YangWangYuanEtAl2016,
  author  = {Jianyu Yang and Hongxing Wang and Junsong Yuan and Youfu Li and Jianyang Liu},
  title   = {Invariant multi-scale descriptor for shape representation, matching and retrieval},
  journal = {Computer Vision and Image Understanding},
  year    = {2016},
  volume  = {145},
  pages   = {43-58},
  month   = {abr.},
  note    = {Elsevier BV. http://dx.doi.org/10.1016/j.cviu.2016.01.005.},
  address = {[s.l.]},
  doi     = {http://dx.doi.org/10.1016/j.cviu.2016.01.005},
}

@Article{Yang:2009,
  author  = {W. Yang and S. Zhang and Y. Chen and W. Li and Y. Chen},
  title   = {Shape symmetry analysis of breast tumors on ultrasound images},
  journal = {Computers in Biology and Medicine},
  year    = {2009},
  volume  = {39},
  number  = {3},
  pages   = {231-238},
  month   = {mar.},
  note    = {Elsevier BV. http://dx.doi.org/10.1016/j.compbiomed.2008.12.007.},
  address = {[s.l.]},
  doi     = {http://dx.doi.org/10.1016/j.compbiomed.2008.12.007},
}

@Article{Young:1974,
  author  = {I. T. Young and J. E. Walker and J. E. Bowie},
  title   = {An Analysis Technique for Biological Shape},
  journal = {Information and Control},
  year    = {1974},
  volume  = {25},
  number  = {4},
  pages   = {357-370},
  month   = {ago.},
  note    = {Elsevier BV. http://dx.doi.org/10.1016/s0019-9958(74)91038-9.},
  address = {[s.l.]},
  doi     = {http://dx.doi.org/10.1016/s0019-9958(74)91038-9},
}

@Article{Zhang:2002,
  author  = {Dengsheng Zhang and Guojun Lu},
  title   = {Shape-based image retrieval using generic {F}ourier descriptor},
  journal = {Signal Processing: Image Communication},
  year    = {2002},
  volume  = {17},
  number  = {10},
  pages   = {825-848},
  month   = {nov.},
  note    = {Elsevier BV. http://dx.doi.org/10.1016/s0923-5965(02)00084-x.},
  address = {[s.l.]},
  doi     = {http://dx.doi.org/10.1016/s0923-5965(02)00084-x},
}

@Article{Zhang:2004,
  author  = {D. Zhang and G. Lu},
  title   = {Review of shape representation and description techniques},
  journal = {Pattern Recognition},
  year    = {2004},
  volume  = {37},
  number  = {1},
  pages   = {1-19},
  month   = {jan.},
  note    = {Elsevier BV. http://dx.doi.org/10.1016/j.patcog.2003.07.008.},
  address = {[s.l.]},
  doi     = {http://dx.doi.org/10.1016/j.patcog.2003.07.008},
}

@Article{Zhang201661,
  author  = {Yang Zhang and Jing J. Liu and Lei Zhang and Jorge Calderon De Anda and Xue Z. Wang},
  title   = {Particle shape characterisation and classification using automated microscopy and shape descriptors in batch manufacture of particulate solids},
  journal = {Particuology},
  year    = {2016},
  volume  = {24},
  pages   = {61-68},
  month   = {fev.},
  note    = {Elsevier BV. http://dx.doi.org/10.1016.},
  address = {[s.l.]},
  doi     = {http://dx.doi.org/10.1016},
}

@Article{Zhao20153203,
  author  = {Cong Zhao and Sharon S. F. Chan and {Wai-Kuen} Cham and L. M. Chu},
  title   = {Plant identification using leaf shapes—{A} pattern counting approach},
  journal = {Pattern Recognition},
  year    = {2015},
  volume  = {48},
  number  = {10},
  pages   = {3203-3215},
  month   = {out.},
  note    = {Elsevier BV. http://dx.doi.org/10.1016/j.patcog.2015.04.004.},
  address = {[s.l.]},
  doi     = {http://dx.doi.org/10.1016/j.patcog.2015.04.004},
}

@InCollection{blum:1967,
  author    = {Blum, H.},
  title     = {A transformation for extracting new descriptors of shape},
  booktitle = {Models for the Perception of Speech and Visual Form},
  year      = {1967},
  pages     = {362-381},
  address   = {Cambridge},
  note      = {MIT Press},
}

@Comment{jabref-meta: databaseType:bibtex;}
